@online{pepproject,
    author = "Donald Knuth",
    title = "Knuth: Computers and Typesetting",
    url  = "https://ihub.ru.nl/project/pep.page",
    addendum = "(accessed: 23.01.2023)",
    keywords = "PEP, encryption, pseudonymization"
}
