@online{pepproject,
    title = "PEP project website",
    url  = "https://pep.cs.ru.nl/",
    addendum = "(last accessed: 25.01.2023)",
    keywords = "PEP, encryption, pseudonymization"
}

@article{peppaper,
	author="E. Verheul and B.Jacobs",
	title="Polymorphic Encryption and Pseudonymisation in Identity Management and Medical Research",
	journal="Nieuw Archief voor Wiskunde",
	volume="5", 
	number="3",
	pages="p. 168-172"
}

@article{elgamal,
	author="Taher El Gamal",
	title="A public key cryptosystem and a signature scheme based on discrete logarithms",
	journal="Advances in Cryptology: Proceedings of CRYPTO '84",
	pages="p. 10–18"
}

@article{rbac,
	author="Ferraiolo, D.F. and Kuhn, D.R.",
	title="Role-Based Access Control",
	journal="15th National Computer Security Conference",
	pages="p. 554–563"
}

@article{elliptic-elgamal,
	author="Neal koblitz",
	title="Elliptic Curve Cryptosystems",
	journal="Mathematics of Computation",
	volume="48",
	number="177",
	pages="p. 203-209"
}

@misc{GCM,
      author = {David A.  McGrew and John Viega},
      title = {The Security and Performance of the Galois/Counter Mode of Operation (Full Version)},
      howpublished = {Cryptology ePrint Archive, Paper 2004/193},
      year = {2004},
      note = {\url{https://eprint.iacr.org/2004/193}},
      url = {https://eprint.iacr.org/2004/193}
}



@misc{cryptoeprint,
      author = "Eric Verheul and Bart Jacobs and Carlo Meijer and Mireille Hildebrandt and Joeri de Ruiter",
      title = "Polymorphic Encryption and Pseudonymisation   for Personalised Healthcare",
      howpublished = "Cryptology ePrint Archive, Paper 2016/411",
      year = "2016",
      url = "https://eprint.iacr.org/2016/411"
}

@misc{pep-blueprint,
	title="PEP Blueprints"
}

@misc{pep-whitepaper,
	author="Eric Verheul and Bart Jacobs and Carlo Meijer and Mirelle Hidebrandt and Joeri de Ruiter",
	title="Polymorphic Encryption and Pseudonymisation for Personalised Healthcare. A Whitepaper"
}

@misc{AES-standard,
	title="FIPS 197",
	url="https://nvlpubs.nist.gov/nistpubs/FIPS/NIST.FIPS.197.pdf",
	author="NIST"
}

@online{irma-app,
	title="IRMA",
	url="https://irma.app/",
	note="Last accessed on 25-01-2023"
}

@online{about-irma,
	title="About IRMA",
	url="https://privacybydesign.foundation/irma-en/",
	note="Last accessed on 25-01-2023"
}

@online{nolai,
	title="National Education Lab AI",
	url="https://www.ru.nl/en/nolai",
	note="Last accessed on 02-11-2023"
}

@online{salesforce,
	title="Introduction to REST API - Supported Editions and Required Permissions",
	url="https://developer.salesforce.com/docs/atlas.en-us.api_rest.meta/api_rest/intro_rest_compatible_editions.htm",
	note="Last accessed on 03-11-2023"
}
